%% Journal article
@article{bib1,
 author  = {Carvalho, I. A. and Erlebach, T. and Papadopoulos, K.},
 title   = {On the fast delivery problem with one or two packages},
 journal = {J. {C}omput. Syst. Sc.},
 volume  = {115},
 pages	 = {246--263},
 year	   = {2021}
}

%% Journal article with DOI
@article{bib2,
 author  = {Carvalho, I. A},
 title	 = {On the statistical evaluation of algorithmic's computational experimentation with infeasible solutions},
 journal = {Inf. {P}rocess. {L}ett.},
 volume  = {143},
 pages	 = {24--27},
 year	   = {2019},
 doi	   = {10.1016/j.ipl.2018.11.003}
}

%% Journal article with volume and number
@article{bib3,
 author  = {Hamburger, C.},
 title   = {Quasimonotonicity, regularity and duality for nonlinear systems of partial differential equations},
 journal = {Ann. Mat. Pura. Appl.},
 volume  = {169},
 number  = {2},
 pages	 = {321--354},
 year	   = {1995}
}

%% book, authored
@book{bib4,
 author={Geddes, K. O. and Czapor, S. R. and Labahn, G.},
 title	={Algorithms for {C}omputer {A}lgebra},
 address={Boston},
 publisher={Kluwer},
 year	={1992}
}

%% Book, chapter
@incollection{bib5,
 author    = {Broy, M.},
 title	   = {Software engineering---from auxiliary to key technologies},
 editor    = {Broy, M. and Denert, E.},
 booktitle = {Software Pioneers},
 pages	   = {10--13},
 address   = {New {Y}ork},
 publisher = {Springer},
 year	     = {1992}
}

%% Book, edited
@book{bib6,
 editor    = {Seymour, R. S.},
 title	   = {Conductive {P}olymers},
 address   = {New {Y}ork},
 publisher = {Plenum},
 year	     = {1981}
}

%% Chapter in a book in a series with volume titles
@inproceedings{bib7,
 author    = {F{\'e}lix, L. G. S. and Barbosa, C. M. and Carvalho, I. A. and Vieira, V. F. and Xavier, C. R.},
 title	   = {Forecasting soccer market tendencies using link prediction},
 editor    = {Gervasi, O. and Murgante, B. and Misra, S.  Garau, Chiara and Blečić, I. and Taniar, D. and Apduhan, B. O. and Rocha,  A. M. A. C. and Tarantino, E. and Torre, C. M. and Karaca, Y.},
 volume    = {42},
 booktitle = {Computational Science and Its Applications--ICCSA 2020: 20th International Conference, Cagliari, Italy, July 1--4, 2020, Proceedings, Part I 20},
 pages	   = {663--675},
 address   = {Heidelberg},
 publisher = {Springer},
 year	     = {2020}
}

%% Paper presented at a conference
@misc{bib8,
 author ={Chung, S. T. and Morris, R. L.},
 title	={Isolation and characterization of plasmid deoxyribonucleic acid from Streptomyces fradiae},
 year	  ={1978},
 note	  ={Paper presented at the 3rd international symposium on the genetics 
	of industrial microorganisms, University of {W}isconsin, {M}adison, 
	4--9 June 1978}
}

%% Data citation example
@misc{bib9,
 author={Hao, Z. and AghaKouchak, A. and Nakhjiri, N. and Farahmand, A.},
 title	={Global integrated drought monitoring and prediction system (GIDMaPS) data sets}, 
 year	={2014},
 note	={figshare \url{https://doi.org/10.6084/m9.figshare.853801}}
}

%% Preprint citation example
@misc{bib10, 
 author={Babichev, S. A. and Ries, J. and Lvovsky, A. I.},
 title	={Quantum scissors: teleportation of single-mode optical states by means 
	of a nonlocal single photon}, 
 year	={2002},
 note	={Preprint at \url{https://arxiv.org/abs/quant-ph/0208066v1}}
}

@article{bib11,
 author={Beneke, M. and Buchalla, G. and Dunietz, I.},
 title	={Mixing induced {CP} asymmetries in inclusive {B} decays},
 journal={Phys. {L}ett.},
 volume={B393},
 year	={1997},
 pages	={132-142},
 archivePrefix={arXiv},
 eprint={0707.3168},
 primaryClass={gr-gc}
}

@softmisc{bib12,
 author={Stahl, B.},
 title	={deep{SIP}: deep learning of {S}upernova {I}a {P}arameters},
 version={0.42},
 keywords={Software},
 howpublished={Astrophysics {S}ource {C}ode {L}ibrary},
 year	={2020},
 month	={Jun},
 eid	={ascl:2006.023},
 pages	={ascl:2006.023},
 archivePrefix={ascl},
 eprint={2006.023},
 adsurl={{https://ui.adsabs.harvard.edu/abs/2020ascl.soft06023S}},
 adsnote={Provided by the SAO/NASA Astrophysics Data System}
}

@article{bib13,
 author ={Abbott, T. M. C. and others},
 collaboration ={DES},
 title ={{Dark Energy Survey Year 1 Results: Constraints on Extended Cosmological Models from Galaxy Clustering and Weak Lensing}},
 eprint ={1810.02499},
 archivePrefix ={arXiv},
 primaryClass ={astro-ph.CO},
 reportNumber ={FERMILAB-PUB-18-507-PPD},
 doi ={10.1103/PhysRevD.99.123505},
 journal ={Phys. Rev. D},
 volume ={99},
 number ={12},
 pages ={123505},
 year ={2019}
}

%%============================================================================%%
%% while using chicago reference style, both abbreviated and expanded form of %%
%% author name format is acceptable. Refer below example for expanded form  %%
%%============================================================================%%

%% author={{Cameron, Deborah}}, - single author
%% author={{Saito, Yukio} and {Hyuga, Hiroyuki}}, - double author 

%%======================================%%
%% Example for author names with suffix %%
%%======================================%%

%% author={{Price, R. A. Jr} and {Curry, N. {III}} and McCann, K. E. and 
%%	Fielding, J. L. and {Abercrombie, E. Jr}},
